@phdthesis{nurhadi2017aplikasi,
  title={Aplikasi Intelligence Intrusion Detection System (IIDS) Dengan Menggunakan Metode K-Nearest Neighbor Untuk Mendeteksi Serangan Pada Jaringan},
  author={Nurhadi, Naldi},
  year={2017},
  school={Universitas Islam Negeri Sultan Syarif Kasim Riau}
}